<?xml version="1.0" encoding="UTF-8"?><collection xmlns="http://www.loc.gov/MARC21/slim"><record><leader>00386nam--2200133-i-4500</leader><controlfield tag="001">000033491</controlfield><controlfield tag="002">20161230</controlfield><controlfield tag="005">20161230201039</controlfield><controlfield tag="008">060222s1000------------r-----000-0-eng-d</controlfield><datafield ind1=" " ind2=" " tag="100"><subfield code="a">Moore, R.K</subfield></datafield><datafield ind1=" " ind2=" " tag="245"><subfield code="a">Traveling-wave engineering</subfield></datafield><datafield ind1=" " ind2=" " tag="260"><subfield code="a">New York, Mcgraw-hilll Book Co., Inc., 1960, Xix + 360p</subfield></datafield><datafield ind1=" " ind2=" " tag="490"><subfield code="a">Mcgraw-hill Electrical And Electronic Engineering Series</subfield></datafield><datafield ind1=" " ind2=" " tag="852"><subfield code="a">16177</subfield></datafield></record></collection>